<record><leader>00000cas a22000007a 4500</leader><controlfield tag="001">16886087</controlfield><controlfield tag="008">871022d19121920inuwr ne      0    0eng d</controlfield><datafield ind1=" " ind2=" " tag="010"><subfield code="a">sn 87056702 </subfield></datafield><datafield ind1=" " ind2=" " tag="040"><subfield code="a">NPI</subfield><subfield code="b">eng</subfield><subfield code="c">NPI</subfield><subfield code="d">OCLCQ</subfield></datafield><datafield ind1=" " ind2=" " tag="042"><subfield code="a">msc</subfield></datafield><datafield ind1="0" ind2=" " tag="130"><subfield code="a">Harlan herald (Harlan, Ind.)</subfield></datafield><datafield ind1="1" ind2="0" tag="245"><subfield code="a">Harlan herald.</subfield></datafield><datafield ind1=" " ind2=" " tag="260"><subfield code="a">Harlan, Ind. :</subfield><subfield code="b">Wm. E. James</subfield></datafield><datafield ind1=" " ind2=" " tag="310"><subfield code="a">Weekly</subfield></datafield><datafield ind1="1" ind2=" " tag="362"><subfield code="a">Began in 1912.</subfield><subfield code="z">Cf. Ayer, 1913.</subfield></datafield><datafield ind1="1" ind2=" " tag="362"><subfield code="a">Ceased in 1920.</subfield></datafield><datafield ind1=" " ind2=" " tag="588"><subfield code="a">Description based on: Vol. 5, no. 11 (Dec. 14, 1916).</subfield></datafield><datafield ind1=" " ind2=" " tag="752"><subfield code="a">United States</subfield><subfield code="b">Indiana</subfield><subfield code="c">Allen</subfield><subfield code="d">Harlan.</subfield></datafield></record>